@online{R5N,
    author = "Nathan S. Evans and Christian Grothoff",
    title = "Randomized Recursive Routing for Restricted-Route Networks",
    url = "https://git.gnunet.org/bibliography.git/plain/docs/nss2011.pdf"
}
@online{cadet,
    author = "Bartlomiej Polot and Christian Grothoff",
    title = "CADET: Confidential Ad-hoc Decentralized End-to-End Transport",
    url = "https://git.gnunet.org/bibliography.git/plain/docs/cadet.pdf"
}
@online{network,
    author = "Matthew Green",
    title = "The network is hostile",
    url  = "https://blog.cryptographyengineering.com/2015/08/16/the-network-is-hostile/"
}
@online{tunnel,
    author = "Bartlomiej Polot and Christian Grothoff and Carlo von Loesch",
    title = "The Internet is Broken: Idealistic Ideas for Building a NEWGNU Network",
    url = "https://www.w3.org/2014/strint/papers/65.pdf"
}
@online{GNS,
    author = "Christian Grothoff and Martin Schanzenbach and Annett Laube and Emmanuel Benoist and Pascal Mainini",
    title = "Decentralized Authentication for Self-Sovereign Identities using Name Systems (DASEIN)",
    url = "https://git.gnunet.org/bibliography.git/plain/docs/dasein10.pdf"
}
@article{spki,
  title={Certificate chain discovery in spki/sdsi.},
  author={Dwaine Clarke and Jean-Emile Elien and Carl Ellison and Matt Fredette and Alexander Morcos and Ronald L. Rivest},
  journal={Journal of Computer security},
  volume={9},
  number={4},
  pages={285--322},
  year={2001},
}
@book{L0,
    author = {Andrea Trentini and Giovanni Biscuolo and Andrea Rossi},
    year = {2020},
    title = {Cittadinanza digitale e tecnocivismo - In un mondo digitale la cittadinanza inizia dal bit},
    publisher = {Ledizioni},
    url = "https://www.ledizioni.it/prodotto/cittadinanza-digitale-tecnocivismo/"
}